@inproceedings{Bellicoso_Jenelten_Fankhauser_Gehring_Hwangbo_Hutter_2017,   title={Dynamic locomotion and whole-body control for quadrupedal robots},  url={http://dx.doi.org/10.1109/iros.2017.8206174},  DOI={10.1109/iros.2017.8206174},  booktitle={2017 IEEE/RSJ International Conference on Intelligent Robots and Systems (IROS)},  author={Bellicoso, C.Dario and Jenelten, Fabian and Fankhauser, Peter and Gehring, Christian and Hwangbo, Jemin and Hutter, Marco},  year={2017},  month={Sep},  language={en-US}  }

@article{Bellicoso_Jenelten_Gehring_Hutter_2018,   title={Dynamic Locomotion Through Online Nonlinear Motion Optimization for Quadrupedal Robots},  url={http://dx.doi.org/10.1109/lra.2018.2794620},  DOI={10.1109/lra.2018.2794620},  journal={IEEE Robotics and Automation Letters},  author={Bellicoso, C. Dario and Jenelten, Fabian and Gehring, Christian and Hutter, Marco},  year={2018},  month={Jul},  pages={2261–2268},  language={en-US}  }

@article{Gehring_Coros_Hutter_Bellicoso_Heijnen_Diethelm_Bloesch_Fankhauser_Hwangbo_Hoepflinger_et_al_2016,   title={An Optimization-based Approach to Controlling Agile Motions for a Quadruped Robot},  author={Gehring, Christian and Coros, Stelian and Hutter, Marco and Bellicoso, C.Dario and Heijnen, Huub and Diethelm, Remo and Bloesch, Michael and Fankhauser, PÃ©ter and Hwangbo, Jemin and Hoepflinger, AMark and Siegwart, Roland},  year={2016},  month={Jan},  language={en-US}  }

@inproceedings{Kalakrishnan_Buchli_Pastor_Mistry_Schaal_2010,   title={Fast, robust quadruped locomotion over challenging terrain},  url={http://dx.doi.org/10.1109/robot.2010.5509805},  DOI={10.1109/robot.2010.5509805},  booktitle={2010 IEEE International Conference on Robotics and Automation},  author={Kalakrishnan, Mrinal and Buchli, Jonas and Pastor, Peter and Mistry, Michael and Schaal, Stefan},  year={2010},  month={May},  language={en-US}  }

@article{Goldfarb_Idnani_1983,   title={A numerically stable dual method for solving strictly convex quadratic programs},  volume={27},  url={http://dx.doi.org/10.1007/bf02591962},  DOI={10.1007/bf02591962},  number={1},  journal={Mathematical Programming},  author={Goldfarb, D. and Idnani, A.},  year={1983},  month={Sep},  pages={1–33},  language={en-US}  }

@inbook{Lee_Bjelonic_Hutter_2023,   title={Control of Wheeled-Legged Quadrupeds Using Deep Reinforcement Learning},  url={http://dx.doi.org/10.1007/978-3-031-15226-9_14},  DOI={10.1007/978-3-031-15226-9_14},  booktitle={Robotics in Natural Settings,Lecture Notes in Networks and Systems},  author={Lee, Joonho and Bjelonic, Marko and Hutter, Marco},  year={2023},  month={Jan},  pages={119–127},  language={en-US}  }

@article{Lee_Hwangbo_Wellhausen_Koltun_Hutter_2020,   title={Learning Quadrupedal Locomotion over Challenging Terrain},  url={http://dx.doi.org/10.1126/scirobotics.abc5986},  DOI={10.1126/scirobotics.abc5986},  journal={Science Robotics},  author={Lee, Joonho and Hwangbo, Jemin and Wellhausen, Lorenz and Koltun, Vladlen and Hutter, Marco},  year={2020},  month={Oct},  language={en-US}  }

@article{Schulman_Wolski_Dhariwal_Radford_Klimov_2017,   title={Proximal Policy Optimization Algorithms},  journal={arXiv: Learning,arXiv: Learning},  author={Schulman, John and Wolski, Filip and Dhariwal, Prafulla and Radford, Alec and Klimov, Oleg},  year={2017},  month={Jul},  language={en-US}  }

@article{Ross_Gordon_Bagnell_2010,   title={A Reduction of Imitation Learning and Structured Prediction to No-Regret Online Learning},  journal={arXiv: Learning,arXiv: Learning},  author={Ross, Stephane and Gordon, GeoffreyJ. and Bagnell, J.Andrew},  year={2010},  month={Nov},  language={en-US}  }

@article{Hwangbo_Lee_Hutter_2018,   title={Per-Contact Iteration Method for Solving Contact Dynamics},  url={http://dx.doi.org/10.1109/lra.2018.2792536},  DOI={10.1109/lra.2018.2792536},  journal={IEEE Robotics and Automation Letters},  author={Hwangbo, Jemin and Lee, Joonho and Hutter, Marco},  year={2018},  month={Apr},  pages={895–902},  language={en-US}  }

@article{Rudin_Hoeller_Reist_Hutter_2021,   title={Learning to Walk in Minutes Using Massively Parallel Deep Reinforcement Learning},  journal={arXiv: Robotics,arXiv: Robotics},  author={Rudin, Nikita and Hoeller, David and Reist, Philipp and Hutter, Marco},  year={2021},  month={Sep},  language={en-US}  }